@online{plasma,
author="Joseph Poon, Vitalik Buterin",
title="Plasma: Scalable Autonomous Smart Contracts",
howpublished = "\url{http://plasma.io/plasma.pdf}",
year="2017",
}